<?xml version="1.0" encoding="UTF-8"?><record xmlns="http://www.loc.gov/MARC21/slim" xmlns:cinclude="http://apache.org/cocoon/include/1.0" xmlns:zs="http://www.loc.gov/zing/srw/">
  <leader>00394nz  a2200121n  4500</leader>
  <controlfield tag="001">n  89640879 </controlfield>
  <controlfield tag="003">DLC</controlfield>
  <controlfield tag="005">19890720135919.9</controlfield>
  <controlfield tag="008">890720n| acannaab|          |n aad |||  </controlfield>
  <datafield tag="010" ind1=" " ind2=" ">
    <subfield code="a">n  89640879 </subfield>
  </datafield>
  <datafield tag="040" ind1=" " ind2=" ">
    <subfield code="a">DLC</subfield>
    <subfield code="c">DLC</subfield>
  </datafield>
  <datafield tag="100" ind1="1" ind2="0">
    <subfield code="a">Johnson, Juanita B.</subfield>
  </datafield>
  <datafield tag="670" ind1=" " ind2=" ">
    <subfield code="a">nuc89-70841: Haitian directory of health and social services ... 1982?</subfield>
    <subfield code="b">(hdg. on FU rept.: Johnson, Juanita B.; usage: Juanita B. Johnson)</subfield>
  </datafield>
</record>